<record><leader>00000cas a2200000 a 4500</leader><controlfield tag="001">10537004</controlfield><controlfield tag="008">840319d19171926ksuwr ne      0   a0eng d</controlfield><datafield ind1=" " ind2=" " tag="010"><subfield code="a">sn 83040589 </subfield></datafield><datafield ind1=" " ind2=" " tag="040"><subfield code="a">KSH</subfield><subfield code="b">eng</subfield><subfield code="c">KSH</subfield><subfield code="d">NPT</subfield><subfield code="d">OCL</subfield><subfield code="d">OCLCQ</subfield></datafield><datafield ind1=" " ind2=" " tag="042"><subfield code="a">msc</subfield></datafield><datafield ind1=" " ind2=" " tag="043"><subfield code="a">n-us-ks</subfield></datafield><datafield ind1="0" ind2=" " tag="130"><subfield code="a">Baxter Springs herald (Baxter Springs, Kan. : 1917)</subfield></datafield><datafield ind1="1" ind2="4" tag="245"><subfield code="a">The Baxter Springs herald.</subfield></datafield><datafield ind1=" " ind2=" " tag="260"><subfield code="a">Baxter Springs, Kan. :</subfield><subfield code="b">Keener &amp; Page,</subfield><subfield code="c">-1926.</subfield></datafield><datafield ind1=" " ind2=" " tag="300"><subfield code="a">v. :</subfield><subfield code="b">ill. ;</subfield><subfield code="c">53 cm.</subfield></datafield><datafield ind1=" " ind2=" " tag="310"><subfield code="a">Weekly</subfield></datafield><datafield ind1="0" ind2=" " tag="362"><subfield code="a">-v. 10, no. 26 (July 29, 1926).</subfield></datafield><datafield ind1="1" ind2=" " tag="362"><subfield code="a">Began in 1917.</subfield><subfield code="z">Cf. Ayer, 1919.</subfield></datafield><datafield ind1=" " ind2=" " tag="588"><subfield code="a">Description based on: Vol. 1, no. 7 (Mar. 15, 1917).</subfield></datafield><datafield ind1=" " ind2=" " tag="752"><subfield code="a">United States</subfield><subfield code="b">Kansas</subfield><subfield code="c">Cherokee</subfield><subfield code="d">Baxter Springs.</subfield></datafield><datafield ind1="0" ind2="7" tag="785"><subfield code="t">Baxter Springs citizen</subfield><subfield code="w">(DLC)sn 83040590</subfield></datafield><datafield ind1="0" ind2="7" tag="785"><subfield code="t">Baxter Springs citizen and herald</subfield><subfield code="w">(DLC)sn 83040591</subfield></datafield></record>